@misc{DBLP:journals/corr/TampuuMKKKAAV15,
  title = {Multiagent Cooperation and Competition with Deep Reinforcement Learning / Tampuu A. [и др.] // PLoS ONE. -- 2015. -- 12. }
}

@misc{DBLP:journals/corr/abs-1803-11485,
  title = {{QMIX:} Monotonic Value Function Factorisation for Deep Multi-Agent Reinforcement Learning / Rashid T. [и др.] // J. Mach. Learn. Res. -- 2020. -- 21. -- 178:1-178:51. }
}

@misc{DBLP:journals/corr/SunehagLGCZJLSL17,
  title = {Value-Decomposition Networks For Cooperative Multi-Agent Learning / Sunehag P. [и др.] // Adaptive Agents and Multi-Agent Systems. -- 2017. }
}

@misc{DBLP:journals/corr/abs-1910-07483,
  title = {{MAVEN:} Multi-Agent Variational Exploration / Mahajan A. [и др.] // Neural Information Processing Systems (NIPS). -- 2019. }
}

@misc{DBLP:journals/corr/SukhbaatarSF16,
  title = {Learning Multiagent Communication with Backpropagation / Sukhbaatar S. [и др.] // Neural Information Processing Systems (NIPS). -- 2016. }
}

@misc{lowe2017multi,
  title = {Multi-Agent actor-Critic for Mixed Cooperative-Competitive Environments / Lowe R. [и др.] // Neural Information Processing Systems (NIPS). -- 2017 }
}

@misc{DBLP:journals/corr/abs-2103-01955,
  title = {The Surprising Effectiveness of {MAPPO} in Cooperative, Multi-Agent Games / Yu C. [и др.] // CoRR. -- 2021. -- abs/2103.01955. }
}

@misc{DBLP:journals/corr/SchulmanWDRK17,
  title = {Proximal Policy Optimization Algorithms / Schulman J. [и др.] // CoRR. -- 2017. -- abs/1707.06347. }
}


@misc{https://doi.org/10.48550/arxiv.1509.02971,
  title        = {Continuous control with deep reinforcement learning [Электронный Ресурс] },
  howpublished = {Режим доступа: \url{https://arxiv.org/abs/1509.02971} (дата обращения: 01.10.2022)}
}

@misc{DBLP:journals/corr/abs-2011-00583,
  title = {Y. Yang. An Overview of Multi-Agent Reinforcement Learning from Game Theoretical
           Perspective / Yang Y., Wang J. // CoRR. -- 2020. -- abs/2011.00583.}
}


@misc{samvelyan19smac,
  title = {The StarCraft Multi-Agent Challenge / Samvelyan M. [и др.] // CoRR. -- 2019. -- 1902.04043. }
}

@software{MARL-ALGORIGHMS,
  title        = {Marl-Algorithms [Электронный Ресурс]},
  howpublished = {Режим доступа: \url{https://github.com/starry-sky6688/MARL-Algorithms} (дата обращения: 01.10.2022)}
}


@misc{Awesome-MARL,
  title        = {Awesome Multiagent Learning [Электронный Ресурс]},
  howpublished = {Режим доступа: \url{https://github.com/chuangyc/awesome-multiagent-learning} (дата обращения: 01.10.2022)}
}

@misc{Mnih2013PlayingAW,
  title = {Playing Atari with Deep Reinforcement Learning / Mnih V. [и др.] // ArXiv. -- 2013. -- abs/1312.5602. }
}